@article{weitzman1979,
    author = {Martin Weitzman},
    year = {1979},
    title = {Optimal Search for the Best Alternative},
    journal = {Econometrica},
    volume = {47},
    number = {3},
    pages = {641--54},
    doi = {10.2307/1910412}
}


@article{shepherdandvetta2007,
	author = {Shepherd, F. B.  and Vetta, A.},
	title = {The Demand-Matching Problem},
	journal = {Mathematics of Operations Research},
	volume = {32},
	number = {3},
	pages = {563--78},
	year = {2007},
	doi = {10.1287/moor.1070.0254}
}


@inproceedings{acharyaetal2019,
    author = {Mohan S. Acharya and Asfia Armaan and Aneeta S. Antony},
    year = {2019},
    title = {A Comparison of Regression Models for Prediction of Graduate Admissions},
    booktitle = {Second International Conference on Computational Intelligence in Data Science},
    volume = {},
    number = {},
    pages = {},
    doi = {10.1109/ICCIDS.2019.8862140}
}


@article{ashlagiandnikzad2020,
    author = {Itai Ashlagi and Afshin Nikzad},
    year = {2020},
    title = {What Matters in School Choice Tie-Breaking? How Competition Guides Design},
    journal = {Journal of Economic Theory},
    volume = {190},
    pages = {article no. 105120},
    doi = {10.1016/j.jet.2020.105120}
}


@article{azevedoandleshno2016,
    author = {Eduardo Azevedo and Jacob Leshno},
    year = {2016},
    title = {A Supply and Demand Framework for Two-Sided Matching Markets},
    journal = {Journal of Political Economy},
    volume = {124},
    number = {5},
    pages = {1235--68},
    doi = {10.1086/687476}
}


@inproceedings{badanidiyuruandvondrak2014,
    author = {Ashwinkumar Badanidiyuru and Jan Vondrák},
    year = {2014},
    title = {Fast Algorithms for Maximizing Submodular Functions},
    booktitle = {Proceedings of the 2014 Annual ACM--SIAM Symposium on Discrete Algorithms},
    volume = {},
    number = {},
    pages = {1497--1514},
    doi = {10.1137/1.9781611973402.110}
}


@article{blumetal1973,
    author = {Manuel Blum and Robert W. Floyd and Vaughan Pratt and Ronald L. Rivest and Robert E. Tarjan},
    year = {1973},
    title = {Time Bounds for Selection},
    journal = {Journal of Computer and System Sciences},
    volume = {7},
    number = {4},
    pages = {448--61},
    doi = {10.1016/S0022-0000(73)80033-9}
}


@article{bodohcreed2020,
    author = {Aaron Bodoh-Creed},
    year = {2020},
    title = {Optimizing for Distributional Goals in School Choice Problems},
    journal = {Management Science},
    volume = {66},
    number = {8},
    pages = {3657--76},
    doi = {10.1287/mnsc.2019.3376}
}


@article{boodaghiansetal2022,
	author = {Boodaghians, Shant and Fusco, Federico and Lazos, Philip and Leonardi, Stefano},
	title = {Pandora’s Box Problem with Order Constraints},
	journal = {Mathematics of Operations Research Articles in Advance},
	volume = {0},
	number = {0},
	pages = {null},
	year = {0},
	doi = {10.1287/moor.2022.1271},
}


@article{chekurietal2014,
    author = {Chandra Chekuri and Jan Vondr\'ak and Rico Zenklusen},
    year = {2014},
    title = {Submodular Function Maximization via the Multilinear Relaxation and Contention Resolution Schemes},
    journal = {SIAM Journal on Computing},
    volume = {43},
    number = {6},
    pages = {1831--79},
    doi = {10.1137/110839655}
}


@article{chekuriandkhanna2005,
    author = {Chandra Chekuri and Sanjeev Khanna},
    year = {2005},
    title = {A Polynomial Time Approximation Scheme for the Multiple Knapsack Problem},
    journal = {SIAM Journal on Computing},
    volume = {35},
    number = {3},
    pages = {713--28},
    doi = {10.1137/S0097539700382820}
}


@article{edmonds1971,
    author = {Jack Edmonds},
    year = {1971},
    title = {Matroids and the Greedy Algorithm},
    journal = {Mathematical Programming},
    volume = {1},
    pages = {127--36},
    doi = {10.1007/BF01584082}
}


@article{fu2014, 
    author = {Chao Fu},
    year = {2014},
    title = {Equilibrium Tuition, Applications, Admissions, and Enrollment in the College Market},
    journal = {Journal of Political Economy},
    volume = {122},
    number = {2},
    pages = {225--81},
    doi = {10.1086/675503}
}


@article{galeandshapley1962,
    author = {David Gale and Lloyd Shapley},
    year = {1962},
    title = {College Admissions and the Stability of Marriage},
    journal = {American Mathematics Monthly},
    volume = {69},
    number = {1},
    pages = {9--15},
    doi = {10.2307/2312726}
}


@inproceedings{hartlaubandschneider2012,
    author = {Vanessa Hartlaub and Thorsten Schneider},
    year = {2012},
    title = {Educational Choice and Risk Aversion: How Important Is Structural vs. Individual Risk Aversion?},
    booktitle = {SOEPpapers on Multidisciplinary Panel Data Research},
    number = {433},
    url = {https://www.diw.de/documents/publikationen/73/diw_01.c.394455.de/diw_sp0433.pdf}
}


@article{hongetal2004,
    author = {Sung-Pil Hong and Sung-Jin Chung and Bum Hwan Park},
    year = {2004},
    title = {A Fully Polynomial Bicriteria Approximation Scheme for the Constrained Spanning Tree Problem},
    journal = {Operations Research Letters},
    volume = {32},
    number = {3},
    pages = {233--39},
    doi = {10.1016/j.orl.2003.06.003}
}


@article{jaschik2022,
    author = {Scott Jaschik},
    title = {Direct Admissions Takes Off},
    journal = {Inside Higher Ed},
    date = {2022-07-18},
    url = {https://www.insidehighered.com/admissions/article/2022/07/18/direct-admissions-takes-individual-colleges}}


@article{jeon2015,
    author = {Minhee Jeon},
    title = {[College application strategy] Six chances total\dots divide applications across reach, target, and safety schools},
    journal = {Jungang Ilbo},
    date = {2015-08-26},
    url = {https://www.joongang.co.kr/article/18524069}
}


@mastersthesis{kapur2022,
    author = {Max Kapur},
    year = {2022},
    title = {The College Application Problem},
    school = {Seoul National University},
    url = {https://github.com/maxkapur/CollegeApplication}
}


@article{kuliketal2013,
    author = {Ariel Kulik and Hadas Shachnai and Tami Tamir},
    year = {2013},
    title = {Approximations for Monotone and Nonmonotone Submodular Maximization with Knapsack Constraints},
    journal = {Mathematics of Operations Research},
    volume = {38},
    number = {4},
    pages = {729--39},
    doi = {10.1287/moor.2013.0592}
}


@mastersthesis{lim2013,
    author = {Daniel Kibum Lim},
    year = {2013},
    title = {A Simulation Approach to Predicting College Admissions},
    school = {University of California Los Angeles},
    url = {https://escholarship.org/uc/item/8r2695n5}
}


@article{markowitz1952,
    author = {Harry Markowitz},
    year = {1952},
    title = {Portfolio Selection},
    journal = {The Journal of Finance},
    volume = {7},
    number = {1},
    pages = {77--91},
    url = {https://www.jstor.org/stable/2975974}
}


@article{nemhauserandwolsey1978,
    author = {George Nemhauser and Laurence Wolsey},
    year = {1978},
    title = {Best Algorithms for Approximating the Maximum of a Submodular Set Function},
    journal = {Mathematics of Operations Research},
    volume = {3},
    number = {3},
    pages = {177--88},
    doi = {10.1287/moor.3.3.177}
}


@article{nemhauseretal1978,
    author = {George Nemhauser and Laurence Wolsey and Marshall Fisher},
    year = {1978},
    title = {An Analysis of Approximations for Maximizing Submodular Set Functions—I},
    journal = {Mathematical Programming},
    volume = {14},
    pages = {265--94},
    doi = {10.1007/BF01588971}
}


@misc{peck2021,
    author = {Timothy Peck},
    year = {2021},
    title = {Safety, Target, \& Reach Schools: How to Find the Right Ones},
    url = {https://blog.collegevine.com/the-college-list-decoded-safeties-targets-and-reaches/}
}


@article{roth1982,
    author = {Alvin E. Roth},
    year = {1982},
    title = {The Economics of Matching: Stability and Incentives},
    journal = {Mathematics of Operations Research},
    volume = {7},
    number = {4},
    pages = {617--28},
    url =  {https://www.jstor.org/stable/3689483}
}


@article{rozanovandtamir2020,
    author = {Mark Rozanov and Arie Tamir},
    year = {2020},
    title = {The Nestedness Property of the Convex Ordered Median Location Problem on a Tree},
    journal = {Discrete Optimization},
    volume = {36},
    pages = {article no. 100581},
    doi = {10.1016/j.disopt.2020.100581}
}


@article{kapur2021,
    author = {Max Kapur},
    title = {Characterizing Nonatomic Admissions Markets},
    journal = {ArXiv},
    date = {2021-07-03},
    url = {https://arxiv.org/abs/2107.01340}
}



@techreport{sklarow2018,
    author = {Mark Sklarow},
    year = {2018},
    title = {State of the Profession 2018: The 10 Trends Reshaping Independent Educational Consulting},
    institution = {Independent Educational Consultants Association},
    url = {https://www.iecaonline.com/wp-content/uploads/2020/02/IECA-Current-Trends-2018.pdf}
}


@article{vanhuizenandalessie2019,
    author = {Thomas van Huizen and Rob Alessie},
    year = {2019},
    title = {Risk Aversion and Job Mobility},
    journal = {Journal of Economic Behavior \& Organization},
    volume = {164},
    pages = {91--106},
    url = {10.1016/j.jebo.2019.01.021}
}


@book{vazirani2001,
    author = {Vijay Vazirani},
    year = {2001},
    title = {Approximation Algorithms},
    address = {Berlin},
    publisher = {Springer}
}


@book{gareyjohnson1979,
    author = {Michael Garey and David Johnson},
    year = {1979},
    title = {Computers and Intractability: A Guide to the Theory of NP-Completeness},
    address = {New York},
    publisher = {W. H. Freeman and Company}
} 


@article{woeginger2005,
    author = {Gerhard Woeginger},
    year = {2005},
    title = {A Comment on Scheduling Two Parallel Machines with Capacity Constraints},
    journal = {Discrete Optimization},
    volume = {2},
    number = {3},
    pages = {269--72},
    doi = {10.1016/j.disopt.2005.06.005}
}


@article{hochbaumandrao2020,
    author = {Dorit Hochbaum and Xu Rao},
    year = {2020},
    title = {A Fully Polynomial Time Approximation Scheme for the Replenishment Storage Problem},
    journal = {Operations Research Letters},
    volume = {48},
    number = {6},
    pages = {835--39},
    doi = {10.1016/j.orl.2020.10.004}
}


% Education studies of fee waivers

% Broadly, fee waivers are not a very effective nudge
@article{gurantzetal2021,
    author = {Gurantz, Oded and Howell, Jessica and Hurwitz, Michael and Larson, Cassandra and Pender, Matea and White, Brooke},
    title = {A National-Level Informational Experiment to Promote Enrollment in Selective Colleges},
    journal = {Journal of Policy Analysis and Management},
    volume = {40},
    number = {2},
    pages = {453--79},
    doi = {10.1002/pam.22262},
    year = {2021}
}


% Initial speculation that there are low-income students who could go to better colleges
% but fail to apply because of hidden costs and/or risk aversion
@techreport{hoxbyandavery2012,
    title={The missing ``one-offs'': The hidden supply of high-achieving, low income students},
    author={Caroline M. Hoxby and Christopher Avery},
    year={2012},
    institution={National Bureau of Economic Research},
    doi = {10.3386/w18586}
}


% Says low-income students should do like wealthy peers and apply to more reach schools
@techreport{hoxbyandturner2013,
    title={Expanding college opportunities for high-achieving, low income students},
    author={Caroline Hoxby and Sarah Turner},
    institution={Stanford Institute for Economic Policy Research},
    volume={12},
    number={014},
    pages={7},
    year={2013}
}



% Marshmallow test
% Original study
@article{shodaetal1990,
    author = {Yuichi Shoda and Walter Mischel and Philip Peake},
    year = {1990},
    title = {Predicting adolescent cognitive and self-regulatory competencies from preschool delay of gratification: Identifying diagnostic conditions},
    journal = {Developmental Psychology},
    volume = {26},
    number = {6},
    pages = {978--86},
    doi = {10.1037/0012-1649.26.6.978}
}

% Correlation with socioeconomic status
@article{wattsetal2018,
    author = {Tyler Watts and Greg J. Duncan and Haonan Quan},
    year = {2018},
    title = {Revisiting the Marshmallow Test: A Conceptual Replication Investigating Links Between Early Delay of Gratification and Later Outcomes},
    journal = {Psychological Science},
    volume = {29},
    number = {7},
    pages = {1159--77},
    doi = {10.1177/0956797618761661}
}

% Environmental reliability hypothesis
@article{kiddetal2013,
    author = {Celeste Kidd and Holly Palmeri and Richard N. Aslin},
    year = {2013},
    title = {Rational snacking: Young children’s decision-making on the marshmallow task is moderated by beliefs about environmental reliability},
    journal = {Cognition},
    volume = {126},
    number = {1},
    pages = {109--114},
    doi = {10.1016/j.cognition.2012.08.004}
}





