@article{weitzman1979,
    author = {Martin Weitzman},
    year = {1979},
    title = {Optimal Search for the Best Alternative},
    journal = {Econometrica},
    volume = {47},
    number = {3},
    pages = {641--54},
    doi = {10.2307/1910412}
}

@inproceedings{acharyaetal2019,
    author = {Mohan S. Acharya and Asfia Armaan and Aneeta S. Antony},
    year = {2019},
    title = {A Comparison of Regression Models for Prediction of Graduate Admissions},
    booktitle = {Second International Conference on Computational Intelligence in Data Science},
    volume = {},
    number = {},
    pages = {},
    doi = {10.1109/ICCIDS.2019.8862140}
}

@inproceedings{badanidiyuruandvondrak2014,
    author = {Ashwinkumar Badanidiyuru and Jan Vondrák},
    year = {2014},
    title = {Fast Algorithms for Maximizing Submodular Functions},
    booktitle = {Proceedings of the 2014 Annual ACM--SIAM Symposium on Discrete Algorithms},
    volume = {},
    number = {},
    pages = {1497--1514},
    doi = {10.1137/1.9781611973402.110}
}



@article{chekurietal2014,
    author = {Chandra Chekuri and Jan Vondr\'ak and Rico Zenklusen},
    year = {2014},
    title = {Submodular Function Maximization via the Multilinear Relaxation and Contention Resolution Schemes},
    journal = {SIAM Journal on Computing},
    volume = {43},
    number = {6},
    pages = {1831--79},
    doi = {10.1137/110839655}
}


@article{chekuriandkhanna2005,
    author = {Chandra Chekuri and Sanjeev Khanna},
    year = {2005},
    title = {A Polynomial Time Approximation Scheme for the Multiple Knapsack Problem},
    journal = {SIAM Journal on Computing},
    volume = {35},
    number = {3},
    pages = {713--28},
    doi = {10.1137/S0097539700382820}
}


@article{edmonds1971,
    author = {Jack Edmonds},
    year = {1971},
    title = {Matroids and the Greedy Algorithm},
    journal = {Mathematical Programming},
    volume = {1},
    pages = {127--36},
    doi = {10.1007/BF01584082}
}


@article{fu2014, 
    author = {Chao Fu},
    year = {2014},
    title = {Equilibrium Tuition, Applications, Admissions, and Enrollment in the College Market},
    journal = {Journal of Political Economy},
    volume = {122},
    number = {2},
    pages = {225--81},
    doi = {10.1086/675503}
}


@article{hongetal2004,
    author = {Sung-Pil Hong and Sung-Jin Chung and Bum Hwan Park},
    year = {2004},
    title = {A Fully Polynomial Bicriteria Approximation Scheme for the Constrained Spanning Tree Problem},
    journal = {Operations Research Letters},
    volume = {32},
    number = {3},
    pages = {233--39},
    doi = {doi.org/10.1016/j.orl.2003.06.003}
}


@mastersthesis{kapur2022,
    author = {Max Kapur},
    year = {2022},
    title = {The College Application Problem},
    school = {Seoul National University},
    url = {https://github.com/maxkapur/CollegeApplication}
}


@article{kuliketal2013,
    author = {Ariel Kulik and Hadas Shachnai and Tami Tamir},
    year = {2013},
    title = {Approximations for Monotone and Nonmonotone Submodular Maximization with Knapsack Constraints},
    journal = {Mathematics of Operations Research},
    volume = {38},
    number = {4},
    pages = {729--39},
    doi = {doi.org/10.1287/moor.2013.0592}
}


@mastersthesis{lim2013,
    author = {Daniel Kibum Lim},
    year = {2013},
    title = {A Simulation Approach to Predicting College Admissions},
    school = {University of California Los Angeles},
    url = {https://escholarship.org/uc/item/8r2695n5}
}


@article{nemhauserandwolsey1978,
    author = {George Nemhauser and Laurence Wolsey},
    year = {1978},
    title = {Best Algorithms for Approximating the Maximum of a Submodular Set Function},
    journal = {Mathematics of Operations Research},
    volume = {3},
    number = {3},
    pages = {177--88},
    doi = {doi.org/10.1287/moor.3.3.177}
}


@article{nemhauseretal1978,
    author = {George Nemhauser and Laurence Wolsey and Marshall Fisher},
    year = {1978},
    title = {An Analysis of Approximations for Maximizing Submodular Set Functions—I},
    journal = {Mathematical Programming},
    volume = {14},
    pages = {265--94},
    doi = {10.1007/BF01588971}
}


@misc{peck2021,
    author = {Timothy Peck},
    year = {2021},
    title = {Safety, Target, \& Reach Schools: How to Find the Right Ones},
    url = {https://blog.collegevine.com/the-college-list-decoded-safeties-targets-and-reaches/}
}


@book{vazirani2001,
    author = {Vijay Vazirani},
    year = {2001},
    title = {Approximation Algorithms},
    address = {Berlin},
    publisher = {Springer}
}


@book{gareyjohnson1979,
    author = {Michael Garey and David Johnson},
    year = {1979},
    title = {Computers and Intractability: A Guide to the Theory of NP-Completeness},
    address = {New York},
    publisher = {W. H. Freeman and Company}
} 


@article{woeginger2005,
    author = {Gerhard Woeginger},
    year = {2005},
    title = {A Comment on Scheduling Two Parallel Machines with Capacity Constraints},
    journal = {Discrete Optimization},
    volume = {2},
    number = {3},
    pages = {269--72},
    doi = {10.1016/j.disopt.2005.06.005}
}


@article{hochbaumandrao2020,
    author = {Dorit Hochbaum and Xu Rao},
    year = {2020},
    title = {A Fully Polynomial Time Approximation Scheme for the Replenishment Storage Problem},
    journal = {Operations Research Letters},
    volume = {48},
    number = {6},
    pages = {835--39},
    doi = {10.1016/j.orl.2020.10.004}
}

